@book{Miller2012,
author= {Adam Miller},
title= {Cleber Book Title},
year= {2012},
}

@article{barnas_comparison_2019,
	title = {A comparison of drone imagery and ground-based methods for estimating the extent of habitat destruction by lesser snow geese ({Anser} caerulescens caerulescens) in {La} {Pérouse} {Bay}},
	volume = {14},
	issn = {1932-6203},
	doi = {10.1371/journal.pone.0217049},
	number = {8},
	journal = {PloS One},
	author = {Barnas, Andrew F. and Darby, Brian J. and Vandeberg, Gregory S. and Rockwell, Robert F. and Ellis-Felege, Susan N.},
	year = {2019},

}